@Book{Subversion,
  author =	 {Ben Collins-Sussman and Brian W. Fitzpatrick and C. Michael Pilato},
  title = 	 {Version Control with Subversion},
  publisher = 	 {O'Reilly},
  year = 	 2004,
  isbn = {0-596-00448-6},
  webpage = {http://svnbook.red-bean.com/},
  lastaccess = {Octubre, 2009}
}

@misc{CruiseControl,
  author    = {ThoughtWorks, Inc.},
  title     = {Cruise Control},
  year      = {2001},
  webpage   = {http://cruisecontrol.sourceforge.net/index.html},
  lastaccess = {Octubre, 2009}
}


@Wikipedia{LaTeXWikipedia,
   author     = {Wikipedia},
   title      = {{LaTeX}},
   wpentry    = {LaTeX},
   language   = {es},
   webpage    = {http://es.wikipedia.org/wiki/LaTeX},
   lastaccess = {Octubre, 2009}
}


